@ARTICLE{9427477,
  author={Saber, Abeer and Sakr, Mohamed and Abo-Seida, Osama M. and Keshk, Arabi and Chen, Huiling},
  journal={IEEE Access}, 
  title={A Novel Deep-Learning Model for Automatic Detection and Classification of Breast Cancer Using the Transfer-Learning Technique}, 
  year={2021},
  volume={9},
  number={},
  pages={71194-71209},
  keywords={Feature extraction;Breast;Sensitivity;Image segmentation;Histograms;Training;Residual neural networks;Breast cancer;machine learning;deep-learning;transfer learning;image classification;convolutional neural networks},
  doi={10.1109/ACCESS.2021.3079204}}
@INPROCEEDINGS{10151156,
  author={Gengtian, Shi and Bing, Bai and Guoyou, Zhang},
  booktitle={2023 8th International Conference on Computer and Communication Systems (ICCCS)}, 
  title={EfficientNet-Based Deep Learning Approach for Breast Cancer Detection With Mammography Images}, 
  year={2023},
  volume={},
  number={},
  pages={972-977},
  keywords={Deep learning;Image analysis;Communication systems;Annotations;Computer architecture;Breast cancer;Convolutional neural networks;Deep learning;Deep convolutional neural networks;Breast cancer detection;Mammography;Medical imaging;Transfer learning},
  doi={10.1109/ICCCS57501.2023.10151156}}
@article{shen2019deep,
  title={Deep learning to improve breast cancer detection on screening mammography},
  author={Shen, Li and Margolies, Laurie R and Rothstein, Joseph H and Fluder, Eugene and McBride, Russell and Sieh, Weiva},
  journal={Scientific reports},
  volume={9},
  number={1},
  pages={12495},
  year={2019},
  publisher={Nature Publishing Group UK London}
}
@article{tougaccar2020breastnet,
  title={BreastNet: A novel convolutional neural network model through histopathological images for the diagnosis of breast cancer},
  author={To{\u{g}}a{\c{c}}ar, Mesut and {\"O}zkurt, Kutsal Baran and Ergen, Burhan and C{\"o}mert, Zafer},
  journal={Physica A: Statistical Mechanics and its Applications},
  volume={545},
  pages={123592},
  year={2020},
  publisher={Elsevier}
}
@article{khan2019novel,
  title={A novel deep learning based framework for the detection and classification of breast cancer using transfer learning},
  author={Khan, SanaUllah and Islam, Naveed and Jan, Zahoor and Din, Ikram Ud and Rodrigues, Joel JP C},
  journal={Pattern Recognition Letters},
  volume={125},
  pages={1--6},
  year={2019},
  publisher={Elsevier}
}
@article{abbas2016deepcad,
  title={DeepCAD: A computer-aided diagnosis system for mammographic masses using deep invariant features},
  author={Abbas, Qaisar},
  journal={Computers},
  volume={5},
  number={4},
  pages={28},
  year={2016},
  publisher={MDPI}
}
@article{ting2019convolutional,
  title={Convolutional neural network improvement for breast cancer classification},
  author={Ting, Fung Fung and Tan, Yen Jun and Sim, Kok Swee},
  journal={Expert Systems with Applications},
  volume={120},
  pages={103--115},
  year={2019},
  publisher={Elsevier}
}
@article{sha2020deep,
  title={Deep learning and optimization algorithms for automatic breast cancer detection},
  author={Sha, Zijun and Hu, Lin and Rouyendegh, Babak Daneshvar},
  journal={International Journal of Imaging Systems and Technology},
  volume={30},
  number={2},
  pages={495--506},
  year={2020},
  publisher={Wiley Online Library}
}
@article{lotter2021robust,
  title={Robust breast cancer detection in mammography and digital breast tomosynthesis using an annotation-efficient deep learning approach},
  author={Lotter, William and Diab, Abdul Rahman and Haslam, Bryan and Kim, Jiye G and Grisot, Giorgia and Wu, Eric and Wu, Kevin and Onieva, Jorge Onieva and Boyer, Yun and Boxerman, Jerrold L and others},
  journal={Nature medicine},
  volume={27},
  number={2},
  pages={244--249},
  year={2021},
  publisher={Nature Publishing Group US New York}
}
@article{araujo2017classification,
  title={Classification of breast cancer histology images using convolutional neural networks},
  author={Ara{\'u}jo, Teresa and Aresta, Guilherme and Castro, Eduardo and Rouco, Jos{\'e} and Aguiar, Paulo and Eloy, Catarina and Pol{\'o}nia, Ant{\'o}nio and Campilho, Aur{\'e}lio},
  journal={PloS one},
  volume={12},
  number={6},
  pages={e0177544},
  year={2017},
  publisher={Public Library of Science San Francisco, CA USA}
}
@article{su2022yolo,
  title={YOLO-LOGO: A transformer-based YOLO segmentation model for breast mass detection and segmentation in digital mammograms},
  author={Su, Yongye and Liu, Qian and Xie, Wentao and Hu, Pingzhao},
  journal={Computer Methods and Programs in Biomedicine},
  volume={221},
  pages={106903},
  year={2022},
  publisher={Elsevier}
}
@article{hinton2006fast,
  title={A fast learning algorithm for deep belief nets},
  author={Hinton, Geoffrey E and Osindero, Simon and Teh, Yee-Whye},
  journal={Neural computation},
  volume={18},
  number={7},
  pages={1527--1554},
  year={2006},
  publisher={MIT Press One Rogers Street, Cambridge, MA 02142-1209, USA journals-info~â€¦}
}
@article{russakovsky2015imagenet,
  title={Imagenet large scale visual recognition challenge},
  author={Russakovsky, Olga and Deng, Jia and Su, Hao and Krause, Jonathan and Satheesh, Sanjeev and Ma, Sean and Huang, Zhiheng and Karpathy, Andrej and Khosla, Aditya and Bernstein, Michael and others},
  journal={International journal of computer vision},
  volume={115},
  pages={211--252},
  year={2015},
  publisher={Springer}
}